<?xml version="1.0" encoding="UTF-8"?><collection xmlns="http://www.loc.gov/MARC21/slim"><record><leader>00437nam--2200121-i-4500</leader><controlfield tag="001">000035631</controlfield><controlfield tag="002">20161230</controlfield><controlfield tag="005">20161230201040</controlfield><controlfield tag="008">060222s1000------------r-----000-0-eng-d</controlfield><datafield ind1=" " ind2=" " tag="245"><subfield code="a">Organic reaction mechanisms. the lectures delivered and synopses of papers read at an international symposium held at cork, ireland on 20th-25th july, 1964</subfield></datafield><datafield ind1=" " ind2=" " tag="260"><subfield code="a">London, The Chemmical Society, 1965, 196p</subfield></datafield><datafield ind1=" " ind2=" " tag="490"><subfield code="a">Special Publication</subfield></datafield><datafield ind1=" " ind2=" " tag="852"><subfield code="a">14038</subfield></datafield></record></collection>